@Book{•,
ALTauthor = {asdasdasdasd},
ALTeditor = {aasdasd},
title = {asdasdasd},
publisher = {•},
year = {22223},
OPTkey = {•},
OPTvolume = {•},
OPTnumber = {•},
OPTseries = {•},
OPTaddress = {•},
OPTedition = {•},
OPTmonth = {•},
OPTnote = {•},
OPTannote = {•}
}

